<record xmlns="http://www.loc.gov/MARC21/slim" xmlns:xsi="http://www.w3.org/2001/XMLSchema-instance" xsi:schemaLocation="http://www.loc.gov/MARC21/slim http://www.loc.gov/standards/marcxml/schema/MARC21slim.xsd">

  <leader>00466nam a2200133Ia 4500</leader>
  <datafield ind1=" " tag="999" ind2=" ">
    <subfield code="c">1627</subfield>
    <subfield code="d">1627</subfield>
  </datafield>
  <controlfield tag="008">180307b1987    u  ||||| |||| 00| | e   d</controlfield>
  <datafield ind2=" " tag="090" ind1=" ">
    <subfield code="a">06.02.03 </subfield>
    <subfield code="b">679</subfield>
  </datafield>
  <datafield tag="245" ind1="1" ind2="0">
    <subfield code="a">Indiana schooling for the twenty-first century : Executive summary</subfield>
  </datafield>
  <datafield ind1=" " tag="260" ind2=" ">
    <subfield code="a">Indiana, Estados Unidos :  </subfield>
    <subfield code="b">The Indiana Department of Education, </subfield>
    <subfield code="c">1987</subfield>
  </datafield>
  <datafield ind2=" " ind1=" " tag="300">
    <subfield code="a">21 páginas</subfield>
  </datafield>
  <datafield ind2="4" tag="650" ind1="1">
    <subfield code="a">DESARROLLO DE LA EDUCACIÓN</subfield>
    <subfield code="9">24</subfield>
  </datafield>
  <datafield ind2="4" ind1="1" tag="650">
    <subfield code="a">PLANIFICACIÓN DE LA EDUCACIÓN</subfield>
    <subfield code="9">124</subfield>
  </datafield>
  <datafield ind2=" " tag="942" ind1=" ">
    <subfield code="2">z</subfield>
    <subfield code="c">01</subfield>
  </datafield>
</record>